<record><leader>00000cas a2200000 a 4500</leader><controlfield tag="001">31600386</controlfield><controlfield tag="008">941202c19639999nyuwr ne      0    0eng c</controlfield><datafield ind1=" " ind2=" " tag="010"><subfield code="a">sn 94061039 </subfield></datafield><datafield ind1=" " ind2=" " tag="040"><subfield code="a">NYS</subfield><subfield code="b">eng</subfield><subfield code="c">NYS</subfield><subfield code="d">OCLCQ</subfield><subfield code="d">OCLCF</subfield><subfield code="d">OCLCO</subfield></datafield><datafield ind1="1" ind2=" " tag="029"><subfield code="a">AU@</subfield><subfield code="b">000011427684</subfield></datafield><datafield ind1=" " ind2=" " tag="042"><subfield code="a">pcc</subfield></datafield><datafield ind1=" " ind2=" " tag="043"><subfield code="a">n-us-ny</subfield></datafield><datafield ind1="0" ind2="0" tag="245"><subfield code="a">East Meadow beacon.</subfield></datafield><datafield ind1="1" ind2="3" tag="246"><subfield code="a">East Meadow edition of beacon</subfield><subfield code="f">1984-&lt;1991&gt;</subfield></datafield><datafield ind1=" " ind2=" " tag="260"><subfield code="a">East Meadow, N.Y. :</subfield><subfield code="b">Nassau County Publications,</subfield><subfield code="c">1963-</subfield></datafield><datafield ind1=" " ind2=" " tag="300"><subfield code="a">v.</subfield></datafield><datafield ind1=" " ind2=" " tag="310"><subfield code="a">Weekly</subfield></datafield><datafield ind1="0" ind2=" " tag="362"><subfield code="a">Vol. 13, no. 25 (May 22, 1963)-</subfield></datafield><datafield ind1=" " ind2=" " tag="500"><subfield code="a">Published in: Hempstead, N.Y., 1963-1988; Hicksville, N.Y., 1989-&lt;1991&gt;.</subfield></datafield><datafield ind1=" " ind2=" " tag="500"><subfield code="a">"Also covering Levittown, Merrick, Uniondale."</subfield></datafield><datafield ind1=" " ind2=" " tag="500"><subfield code="a">Editors: Roger G. Allen, 1963- ; Sheila H. Noeth, &lt;1980-1990&gt;.</subfield></datafield><datafield ind1=" " ind2="0" tag="651"><subfield code="a">East Meadow (N.Y.)</subfield><subfield code="v">Newspapers.</subfield></datafield><datafield ind1=" " ind2="0" tag="651"><subfield code="a">Levittown (N.Y.)</subfield><subfield code="v">Newspapers.</subfield></datafield><datafield ind1=" " ind2="0" tag="651"><subfield code="a">Merrick (N.Y.)</subfield><subfield code="v">Newspapers.</subfield></datafield><datafield ind1=" " ind2="0" tag="651"><subfield code="a">Uniondale (N.Y.)</subfield><subfield code="v">Newspapers.</subfield></datafield><datafield ind1=" " ind2="0" tag="651"><subfield code="a">Hempstead (N.Y.)</subfield><subfield code="v">Newspapers.</subfield></datafield><datafield ind1=" " ind2="0" tag="651"><subfield code="a">Hicksville (N.Y.)</subfield><subfield code="v">Newspapers.</subfield></datafield><datafield ind1=" " ind2="0" tag="651"><subfield code="a">Nassau County (N.Y.)</subfield><subfield code="v">Newspapers.</subfield></datafield><datafield ind1=" " ind2="7" tag="655"><subfield code="a">Newspapers.</subfield><subfield code="2">fast</subfield><subfield code="0">(OCoLC)fst01423814</subfield></datafield><datafield ind1=" " ind2="7" tag="651"><subfield code="a">New York (State)</subfield><subfield code="z">East Meadow.</subfield><subfield code="2">fast</subfield><subfield code="0">(OCoLC)fst01260073</subfield></datafield><datafield ind1=" " ind2="7" tag="651"><subfield code="a">New York (State)</subfield><subfield code="z">Hempstead.</subfield><subfield code="2">fast</subfield><subfield code="0">(OCoLC)fst01207201</subfield></datafield><datafield ind1=" " ind2="7" tag="651"><subfield code="a">New York (State)</subfield><subfield code="z">Hicksville.</subfield><subfield code="2">fast</subfield><subfield code="0">(OCoLC)fst01221921</subfield></datafield><datafield ind1=" " ind2="7" tag="651"><subfield code="a">New York (State)</subfield><subfield code="z">Levittown.</subfield><subfield code="2">fast</subfield><subfield code="0">(OCoLC)fst01219980</subfield></datafield><datafield ind1=" " ind2="7" tag="651"><subfield code="a">New York (State)</subfield><subfield code="z">Merrick.</subfield><subfield code="2">fast</subfield><subfield code="0">(OCoLC)fst01260090</subfield></datafield><datafield ind1=" " ind2="7" tag="651"><subfield code="a">New York (State)</subfield><subfield code="z">Nassau County.</subfield><subfield code="2">fast</subfield><subfield code="0">(OCoLC)fst01205518</subfield></datafield><datafield ind1=" " ind2="7" tag="651"><subfield code="a">New York (State)</subfield><subfield code="z">Uniondale.</subfield><subfield code="2">fast</subfield><subfield code="0">(OCoLC)fst01234101</subfield></datafield><datafield ind1=" " ind2=" " tag="752"><subfield code="a">United States</subfield><subfield code="b">New York</subfield><subfield code="c">Nassau</subfield><subfield code="d">Hicksville.</subfield></datafield><datafield ind1=" " ind2=" " tag="752"><subfield code="a">United States</subfield><subfield code="b">New York</subfield><subfield code="c">Nassau</subfield><subfield code="d">East Meadow.</subfield></datafield><datafield ind1=" " ind2=" " tag="752"><subfield code="a">United States</subfield><subfield code="b">New York</subfield><subfield code="c">Nassau</subfield><subfield code="d">Hempstead.</subfield></datafield><datafield ind1="0" ind2=" " tag="775"><subfield code="t">Hempstead beacon</subfield><subfield code="w">(DLC)sn 97063634</subfield><subfield code="w">(OCoLC)24783433</subfield></datafield><datafield ind1="0" ind2="0" tag="780"><subfield code="t">Beacon (East Meadow, N.Y.)</subfield><subfield code="w">(DLC)sn 94061038</subfield><subfield code="w">(OCoLC)94061038</subfield></datafield></record>